<record>
  <leader>00620nom a2200205Ka 4500</leader>
  <controlfield tag="007">sd fungnnuuuu</controlfield>
  <controlfield tag="008">yymmdds                            eng d</controlfield>
  <datafield tag="020" ind1="" ind2="">
    <subfield code="a"></subfield>
  </datafield>
  <datafield tag="040" ind1="" ind2="">
    <subfield code="a"></subfield>
    <subfield code="c"></subfield>
  </datafield>
  <datafield tag="082" ind1="0" ind2="4">
    <subfield code="a"></subfield>
  </datafield>
  <datafield tag="092" ind1="" ind2="">
    <subfield code="a"></subfield>
  </datafield>
  <datafield tag="100" ind1="1" ind2="">
    <subfield code="a"></subfield>
  </datafield>
  <datafield tag="245" ind1="1" ind2="0">
    <subfield code="a"></subfield>
    <subfield code="h">[kit]</subfield>
    <subfield code="b"></subfield>
    <subfield code="c"></subfield>
  </datafield>
  <datafield tag="260" ind1="" ind2="">
    <subfield code="a"></subfield>
    <subfield code="b"></subfield>
    <subfield code="c"></subfield>
  </datafield>
  <datafield tag="300" ind1="" ind2="">
    <subfield code="a"></subfield>
    <subfield code="b"></subfield>
    <subfield code="c"></subfield>
    <subfield code="e"></subfield>
  </datafield>
  <datafield tag="500" ind1="" ind2="">
    <subfield code="a"></subfield>
  </datafield>
  <datafield tag="505" ind1="0" ind2="">
    <subfield tag="a"></subfield>
  </datafield>
  <datafield tag="520" ind1="" ind2="">
    <subfield code="a"></subfield>
  </datafield>
  <datafield tag="650" ind1="" ind2="0">
    <subfield code="a"></subfield>
    <subfield code="v"></subfield>
  </datafield>
  <datafield tag="650" ind1="" ind2="0">
    <subfield code="a"></subfield>
  </datafield>
  <datafield tag="700" ind1="1" ind2="">
    <subfield code="a"></subfield>
  </datafield>
  <datafield tag="700" ind1="1" ind2="">
    <subfield code="a"></subfield>
  </datafield>
  <datafield tag="999" ind1="" ind2="">
    <subfield code="e">Kit</subfield>
  </datafield>
</record>
